<?xml version="1.0" encoding="UTF-8"?><collection xmlns="http://www.loc.gov/MARC21/slim"><record><leader>00650nam--2200181-i-4500</leader><controlfield tag="001">000023872</controlfield><controlfield tag="002">20161230</controlfield><controlfield tag="005">20161230201035</controlfield><controlfield tag="008">060222s1000------------r-----000-0-eng-d</controlfield><datafield ind1=" " ind2=" " tag="040"><subfield code="a">IFIN-HH</subfield></datafield><datafield ind1=" " ind2=" " tag="080"><subfield code="a">621.793:533.924(061)</subfield></datafield><datafield ind1="1" ind2=" " tag="110"><subfield code="a">Ipat</subfield></datafield><datafield ind1="1" ind2="0" tag="245"><subfield code="a">International conference ion plating &amp; allied techniques london july 1979</subfield><subfield code="b">Orgnised in association with European Physical Society, Institute of Physics Thin Films and Surfaces Group, Surfacing Division of the Welding Institute</subfield></datafield><datafield ind1=" " ind2=" " tag="260"><subfield code="a">Edinburgh,Spectrum Printing Company, 1979</subfield></datafield><datafield ind1=" " ind2=" " tag="300"><subfield code="a">V+283P</subfield></datafield><datafield ind1=" " ind2=" " tag="490"><subfield code="a">Proceedings</subfield></datafield><datafield ind1=" " ind2=" " tag="852"><subfield code="a">47030</subfield><subfield code="c">533.9</subfield></datafield><datafield ind1=" " ind2=" " tag="CAT"><subfield code="a">Sys</subfield><subfield code="c">20100929</subfield><subfield code="h">100755</subfield></datafield></record></collection>